<record><leader>00000cas a2200000 a 4500</leader><controlfield tag="001">12793926</controlfield><controlfield tag="008">851114d18891896ksuwr ne      0    0eng d</controlfield><datafield ind1=" " ind2=" " tag="010"><subfield code="a">sn 85067115 </subfield></datafield><datafield ind1=" " ind2=" " tag="040"><subfield code="a">KSH</subfield><subfield code="b">eng</subfield><subfield code="c">KSH</subfield><subfield code="d">NPT</subfield><subfield code="d">OCL</subfield><subfield code="d">OCLCQ</subfield></datafield><datafield ind1=" " ind2=" " tag="042"><subfield code="a">msc</subfield></datafield><datafield ind1="0" ind2=" " tag="130"><subfield code="a">Lance (Topeka, Kan.)</subfield></datafield><datafield ind1="1" ind2="4" tag="245"><subfield code="a">The lance.</subfield></datafield><datafield ind1="1" ind2="3" tag="246"><subfield code="a">Saturday evening lance</subfield><subfield code="f">&lt;Aug. 19&gt;-Dec. 30, 1893</subfield></datafield><datafield ind1="1" ind2="3" tag="246"><subfield code="a">Saturday lance</subfield><subfield code="f">Oct. 26, 1895-Jan. 11, 1896</subfield></datafield><datafield ind1=" " ind2=" " tag="260"><subfield code="a">Topeka, Kan. :</subfield><subfield code="b">Harry W. Frost,</subfield><subfield code="c">1889-1896.</subfield></datafield><datafield ind1=" " ind2=" " tag="300"><subfield code="a">7 v. :</subfield><subfield code="b">ill. ;</subfield><subfield code="c">43-56 cm.</subfield></datafield><datafield ind1=" " ind2=" " tag="310"><subfield code="a">Weekly</subfield></datafield><datafield ind1="0" ind2=" " tag="362"><subfield code="a">Vol. 7, no. 36 (Sept. 8, 1889)-v. 14, no. 2 (Jan. 11, 1896).</subfield></datafield><datafield ind1=" " ind2=" " tag="500"><subfield code="a">Published by Eugene L. Smith &amp; Cora Bell Zook, Sept. 3, 1892-May 20, 1893; M.O. Frost, Aug. 19, 1893-Oct. 19, 1895; Lance Pub. Co., Oct. 26, 1895-Jan. 11, 1896.</subfield></datafield><datafield ind1=" " ind2=" " tag="752"><subfield code="a">United States</subfield><subfield code="b">Kansas</subfield><subfield code="c">Shawnee</subfield><subfield code="d">Topeka.</subfield></datafield><datafield ind1="0" ind2="0" tag="780"><subfield code="t">Saturday evening lance</subfield><subfield code="w">(DLC)sn 85067114</subfield></datafield><datafield ind1="0" ind2="4" tag="785"><subfield code="t">Topeka mail and Kansas breeze</subfield><subfield code="w">(DLC)sn 85067044</subfield></datafield><datafield ind1="1" ind2=" " tag="029"><subfield code="a">AU@</subfield><subfield code="b">000022171060</subfield></datafield></record>